<record><leader>00000cas a2200000 a 4500</leader><controlfield tag="001">13084883</controlfield><controlfield tag="008">860130d18851895inudn ne      0    0eng c</controlfield><datafield ind1=" " ind2=" " tag="010"><subfield code="a">sn 86058220 </subfield></datafield><datafield ind1=" " ind2=" " tag="040"><subfield code="a">NPI</subfield><subfield code="b">eng</subfield><subfield code="c">NPI</subfield><subfield code="d">CUI</subfield><subfield code="d">OCLCQ</subfield><subfield code="d">OCLCF</subfield><subfield code="d">IUL</subfield></datafield><datafield ind1=" " ind2=" " tag="042"><subfield code="a">pcc</subfield></datafield><datafield ind1=" " ind2=" " tag="043"><subfield code="a">n-us-in</subfield></datafield><datafield ind1=" " ind2="4" tag="050"><subfield code="a">AN</subfield></datafield><datafield ind1="0" ind2=" " tag="130"><subfield code="a">Richmond daily telegram (Richmond, Ind. : 1885)</subfield></datafield><datafield ind1="1" ind2="0" tag="245"><subfield code="a">Richmond daily telegram.</subfield></datafield><datafield ind1=" " ind2=" " tag="260"><subfield code="a">Richmond, Ind. :</subfield><subfield code="b">E.C. Martin,</subfield><subfield code="c">1885-</subfield></datafield><datafield ind1=" " ind2=" " tag="300"><subfield code="a">volumes</subfield></datafield><datafield ind1=" " ind2=" " tag="310"><subfield code="a">Daily (except Sun.)</subfield></datafield><datafield ind1="0" ind2=" " tag="362"><subfield code="a">Oct. 1, 1885-</subfield></datafield><datafield ind1="1" ind2=" " tag="362"><subfield code="a">Ceased Jan. 1895.</subfield></datafield><datafield ind1=" " ind2=" " tag="580"><subfield code="a">Published also in a weekly ed. called: Richmond weekly telegram (1885).</subfield></datafield><datafield ind1=" " ind2="0" tag="651"><subfield code="a">Richmond (Ind.)</subfield><subfield code="v">Newspapers.</subfield></datafield><datafield ind1=" " ind2="0" tag="651"><subfield code="a">Wayne County (Ind.)</subfield><subfield code="v">Newspapers.</subfield></datafield><datafield ind1=" " ind2="7" tag="651"><subfield code="a">Indiana</subfield><subfield code="z">Richmond.</subfield><subfield code="2">fast</subfield><subfield code="0">(OCoLC)fst01205951</subfield></datafield><datafield ind1=" " ind2="7" tag="651"><subfield code="a">Indiana</subfield><subfield code="z">Wayne County.</subfield><subfield code="2">fast</subfield><subfield code="0">(OCoLC)fst01218729</subfield></datafield><datafield ind1=" " ind2="7" tag="655"><subfield code="a">Newspapers.</subfield><subfield code="2">fast</subfield><subfield code="0">(OCoLC)fst01423814</subfield></datafield><datafield ind1=" " ind2=" " tag="752"><subfield code="a">United States</subfield><subfield code="b">Indiana</subfield><subfield code="c">Wayne</subfield><subfield code="d">Richmond.</subfield></datafield><datafield ind1="1" ind2=" " tag="775"><subfield code="t">Richmond weekly telegram (Richmond, Ind. : 1885)</subfield><subfield code="w">(DLC)sn 86058221</subfield><subfield code="w">(OCoLC)13084751</subfield></datafield><datafield ind1="0" ind2="8" tag="776"><subfield code="i">Online version:</subfield><subfield code="t">Richmond daily telegram (Richmond, Ind. : 1885 : Online)</subfield><subfield code="w">(OCoLC)673931617</subfield></datafield><datafield ind1="0" ind2="0" tag="780"><subfield code="t">Richmond telegram (Richmond, Ind.)</subfield><subfield code="w">(DLC)sn 82015008</subfield><subfield code="w">(OCoLC)8804765</subfield></datafield><datafield ind1="0" ind2="7" tag="785"><subfield code="t">Richmond daily independent</subfield><subfield code="w">(DLC)sn 83025605</subfield><subfield code="w">(OCoLC)9648067</subfield></datafield><datafield ind1="0" ind2="7" tag="785"><subfield code="t">Richmond independent telegram</subfield><subfield code="w">(DLC)sn 87056083</subfield><subfield code="w">(OCoLC)15534404</subfield></datafield></record>